@article{hines2017soft,
  title={Soft actuators for small-scale robotics},
  author={Hines, Lindsey and Petersen, Kirstin and Lum, Guo Zhan and Sitti, Metin},
  journal={Advanced materials},
  volume={29},
  number={13},
  pages={1603483},
  year={2017},
  publisher={Wiley Online Library}
}
